<record><leader>00000cas a22000007a 4500</leader><controlfield tag="001">44561232</controlfield><controlfield tag="008">000711d18821885tnudn ne      0    0eng d</controlfield><controlfield tag="009">21523</controlfield><datafield ind1=" " ind2=" " tag="010"><subfield code="a">sn 00063989 </subfield></datafield><datafield ind1=" " ind2=" " tag="040"><subfield code="a">TGN</subfield><subfield code="b">eng</subfield><subfield code="c">TGN</subfield><subfield code="d">DLC</subfield><subfield code="d">OCLCF</subfield></datafield><datafield ind1="1" ind2=" " tag="029"><subfield code="a">AU@</subfield><subfield code="b">000021675960</subfield></datafield><datafield ind1=" " ind2=" " tag="042"><subfield code="a">msc</subfield></datafield><datafield ind1=" " ind2=" " tag="043"><subfield code="a">n-us-tn</subfield></datafield><datafield ind1="0" ind2="0" tag="050"><subfield code="a">Newspaper</subfield></datafield><datafield ind1="0" ind2=" " tag="130"><subfield code="a">Daily chronicle (Knoxville, Tenn.)</subfield></datafield><datafield ind1="1" ind2="4" tag="245"><subfield code="a">The daily chronicle.</subfield></datafield><datafield ind1="1" ind2=" " tag="246"><subfield code="i">Sunday issues for June 3, 1883-Apr. 19, 1885 have title:</subfield><subfield code="a">Sunday chronicle</subfield></datafield><datafield ind1=" " ind2=" " tag="260"><subfield code="a">Knoxville, Tenn. :</subfield><subfield code="b">Chronicle Co.,</subfield><subfield code="c">1882-1885.</subfield></datafield><datafield ind1=" " ind2=" " tag="300"><subfield code="a">v.</subfield></datafield><datafield ind1=" " ind2=" " tag="310"><subfield code="a">Daily (except Mon.)</subfield></datafield><datafield ind1="0" ind2=" " tag="362"><subfield code="a">Vol. 13, no. 162 (Dec. 14, 1882)-v. 15, no. 257 (Apr. 19, 1885).</subfield></datafield><datafield ind1=" " ind2=" " tag="580"><subfield code="a">Weekly ed.: Republican chronicle (Knoxville, Tenn.), 1882-1885.</subfield></datafield><datafield ind1=" " ind2="0" tag="651"><subfield code="a">Knoxville (Tenn.)</subfield><subfield code="v">Newspapers.</subfield></datafield><datafield ind1=" " ind2="0" tag="651"><subfield code="a">Knox County (Tenn.)</subfield><subfield code="v">Newspapers.</subfield></datafield><datafield ind1=" " ind2="7" tag="655"><subfield code="a">Newspapers.</subfield><subfield code="2">fast</subfield><subfield code="0">(OCoLC)fst01423814</subfield></datafield><datafield ind1=" " ind2="7" tag="651"><subfield code="a">Tennessee</subfield><subfield code="z">Knox County.</subfield><subfield code="2">fast</subfield><subfield code="0">(OCoLC)fst01215247</subfield></datafield><datafield ind1=" " ind2="7" tag="651"><subfield code="a">Tennessee</subfield><subfield code="z">Knoxville.</subfield><subfield code="2">fast</subfield><subfield code="0">(OCoLC)fst01206442</subfield></datafield><datafield ind1=" " ind2=" " tag="752"><subfield code="a">United States</subfield><subfield code="b">Tennessee</subfield><subfield code="c">Knox</subfield><subfield code="d">Knoxville.</subfield></datafield><datafield ind1="1" ind2=" " tag="775"><subfield code="t">Republican chronicle (Knoxville, Tenn.)</subfield><subfield code="w">(DLC)sn 86071012</subfield></datafield><datafield ind1="0" ind2="0" tag="780"><subfield code="t">Knoxville daily chronicle (Knoxville, Tenn. : 1870)</subfield><subfield code="w">(DLC)sn 85033437</subfield></datafield><datafield ind1="0" ind2="0" tag="785"><subfield code="t">Knoxville daily chronicle (Knoxville, Tenn. : 1885)</subfield><subfield code="w">(DLC)sn 00063990</subfield></datafield></record>